% BibTeX customization

% people
@string{mtr = "Marshall T. Rose"}
@string{jpo = "Julian P. Onions"}

% places
@string{bbn = "Bolt, Beranek, and Newman, Inc."}
@string{ccitt = "International Telegraph and Telephone Consultative Committee"}
@string{cis = "Department of Computer and Information Sciences"}
@string{ee = "Department of Electrical Engineering"}
@string{ics = "Department of Information and Computer Science"}
@string{iso/iec = "International Organization for Standardization/International Electrotechnical Institute"}
@string{nic = "DDN Network Information Center"}
@string{nrtc = "Northrop Research and Technology Center"}
@string{rand = "The Rand Corporation"}
@string{sri = "SRI International"}
@string{twg = "The Wollongong Group"}
@string{uci = "University of California, Irvine"}
@string{ucl = "University College London"}
@string{udel = "University of Delaware"}
@string{unott = "University of Nottingham"}

% journals
@string{connexions = "ConneXions"}
@string{cn/isdn = "Computer Networks and ISDN Systems"}
@string{ccr = "Computer Communication Review"}
@string{ieeecom = "IEEE Transactions on Communications"}
@string{ieeecm = "IEEE Communications Magazine"}
@string{jsac = "IEEE Journal on Selected Areas in Communications"}

% handbooks
@string{ddn = "DDN Protocol Handbook,
		Volume One: \dod/ Military Standard Protocols,
		DDN Network Information Center, SRI International"}

% types
@string{idea = "IDEA"}
@string{rfc = "Request for Comments"}
