% ``Software'' bibliography database for BiB-TeX


@manual{AmSTeX,
	author	=	"Michael Spivak",
	title	=	"{Summary of \AmSTeX{}}",
	month	=	sep,
	year	=	1983
}

@manual{BFLY.NRTC,
	title	=	"{Using the BB\&N Butterfly at NRTC}",
	author	=	"John L. Romine and Marshall T. Rose",
	organization=	nrtc,
	month	=	may,
	year	=	1986
}

@manual{BibTeX,
	author	=	"Oren Patashnik",
	title	=	"{\BibTeX{}ing}",
	month	=	may,
	year	=	1983
}

@manual{BSD.NET,
	title	=	"{4.2BSD Networking Implementation Notes}",
	author	=	"Samuel J. Leffler and William N. Joy and
			Robert S. Fabry",
	organization=	{Computer Systems Research Group,
			Computer Science Division},
	address	=	{Department of Electrical Engineering and Computer
			Science, University of California, Berkeley},
	month	=	jul,
	year	=	1983
}

@book{C.Language,
	author	=	"Brian W. Kernighan and Dennis M. Ritchie",
	title	=	"{The C Programming Language}",
	publisher=	{Prentice-Hall, Inc.},
	address	=	{Englewood Cliffs, New Jersey},
	series	=	{Software Series},
	year	=	1978
}

@manual{Emacs,
	author	=	"James Gosling",
	title	=	"{UNIX EMACS, UCI Version}",
	month	=	may,
	year	=	1982
}

@manual{EtherTIP,
	title	=	"{Using the Bridge CS/1 at NRTC}",
	author	=	mtr,
	organization=	nrtc,
	month	=	may,
	year	=	1986
}

@inproceedings{Face.Nation,
	author	=	"Rob Pike and David L. Presotto",
	title	=	"{Face the Nation}",
	booktitle=	{Proceedings, Summer Usenix Conference and Exhibition},
	pages	=	{81--86},
	month	=	jun,
	year	=	1985,
	note	=	{Portland, Oregon}
}

@techreport{ISO.Environment,
	author	=	"Marshall T. Rose and Dwight E. Cass",
	title	=	"{The ISO Development Environment at NRTC: User's
			 Manual}",
	type	=	{Technical Paper},
	number	=	{\#702},
	institution=	nrtc,
	month	=	sep,
	year	=	1986
}

@manual{ISODE,
	title	=	"{The ISO Development Environment: User's Manual}",
	edition	=	{4.0},
	author	=	mtr,
	organization=	twg,
	month	=	aug,
	year	=	1988
}

@book{LaTeXbook,
	author	=	"Leslie Lamport",
	title	=	"{\LaTeX{}: A Document Preparation System}",
	publisher=	{Addison-Wesley},
	address=	{Reading, Massachusetts},
	year	=	1985
}

@manual{MH.4,
	title	=	"{Changes to the Rand MH Message Handling System:
			MH.4}",
	edition	=	{\mh4},
	author	=	mtr,
	month	=	jul,
	year	=	1984,
	note	=	{MH documentation set}
}

@manual{MH.5,
	title	=	"{Changes to the Rand MH Message Handling System:
			MH.5}",
	edition	=	{\mh5},
	author	=	mtr,
	month	=	jan,
	year	=	1985,
	note	=	{MH documentation set}
}

@manual{MH.6,
	title	=	"{Changes to the Rand MH Message Handling System:
			MH.6}",
	author	=	mtr,
	month	=	nov,
	year	=	1985,
	note	=	{MH documentation set}
}

@manual{MH6.5,
	title	=	"{Changes to the Rand MH Message Handling System:
			MH \#6.5 for 4.3BSD UNIX}",
	author	=	mtr,
	month	=	may,
	year	=	1986,
	note	=	{MH documentation set}
}

@manual{MH.ADM,
	title	=	"{The Rand MH Message Handling System:
			Administrator's Guide}",
	author	=	mtr,
	organization=	ics,
	address	=	uci,
	month	=	nov,
	year	=	1985,
	note	=	{MH documentation set}
}

@manual{MH.BB,
	title	=	"{The Rand MH Message Handling System:
			The UCI BBoards Facility}",
	author	=	mtr,
	month	=	may,
	year	=	1986,
	note	=	{MH documentation set}
}

@manual{MH.Beginners,
	title	=	"{MH for Beginners}",
	author	=	"Mary Hegardt and Tim Morgan",
	organization=	ics,
	address	=	uci,
	month	=	apr,
	year	=	1986,
	note	=	{MH documentation set}
}

@manual{MH.MM,
	title	=	"{MH for MM Users}",
	author	=	"Mary Hegardt and Tim Morgan",
	organization=	ics,
	address	=	uci,
	month	=	apr,
	year	=	1986,
	note	=	{MH documentation set}
}

@techreport{MH.POP,
	author	=	mtr,
	title	=	"{Post Office Protocol~---~Version 3}",
	type	=	rfc,
	number	=	1081,
	institution=	nic,
	address	=	sri,
	month	=	dec,
	year	=	1988
}

@techreport{MH.XPOP,
	author	=	mtr,
	title	=	"{Post Office Protocol~---~Version 3:
			Extended Service Offerings}",
	type	=	rfc,
	number	=	1082,
	institution=	nic,
	address	=	sri,
	month	=	dec,
	year	=	1988
}

@manual{MH.USR,
	title	=	"{The Rand MH Message Handling System:
			User's Manual}",
	author	=	"Marshall T. Rose and John L. Romine",
	month	=	nov,
	year	=	1985,
	note	=	{MH documentation set}
}

@manual{MH.TUT,
	title	=	"{The Rand MH Message Handling System:
			Tutorial}",
	author	=	"Marshall T. Rose and Jerry N. Sweet",
	month	=	may,
	year	=	1985,
	note	=	{MH documentation set}
}

@inproceedings{MMDF,
	author	=	"David H. Crocker and E.S. Szurkowski and
			 David J. Farber",
	title	=	"{An Internetwork Memo Distribution
			Facility~---~MMDF}",
	booktitle=	"{Proceedings, Sixth Data Communications Symposium}",
	pages	=	{18--25},
	month	=	nov,
	year	=	1979,
	note	=	{Asilomar}
}

@inproceedings{MMDFII,
	author	=	"Douglas P. Kingston~III",
	title	=	"{MMDFII: A Technical Review}",
	booktitle=	{Proceedings, Summer Usenix Conference and Exhibition},
	pages	=	{32--41},
	month	=	jun,
	year	=	1984,
	note	=	{Salt Lake City, Utah}
}

@manual{PhDTeX,
	author	=	"E. Timothy Morgan",
	title	=	"{A Dissertation Style for \AmSTeX{}}",
	month	=	sep,
	year	=	1984,
	note	=	{Department of Information and Computer Science,
			University of California, Irvine}
}

@techreport{PIC,
	author	=	"Brian W. Kernighan",
	title	=	"{PIC --- A Graphics Language for Typesetting User
			Manual}",
	type	=	{Computing Science Technical Report},
	number	=	85,
	institution=	{Bell Laboratories},
	address	=	{Murray Hill, New Jersey},
	month	=	mar,
	year	=	1982
}

@manual{SendMail,
	title	=	"{SENDMAIL~---~An Internetwork Mail Router}",
	author	=	"Eric Allman",
	organization=	{Britton-Lee, Inc.},
	address	=	{Berkeley, California},
	month	=	jul,
	year	=	1983
}

@manual{Slides,
	title	=	"{Using \SLiTeX{} to Make Slides at NRTC}",
	author	=	mtr,
	organization=	nrtc,
	month	=	apr,
	year	=	1986
}

@manual{STREAMS,
	key	=	{ATT},
	title	=	"{STREAMS Programmer's Guide}",
	organization=	{AT\&T},
	year	=	1988,
	note	=	{UNIX System V/386}
}

@book{SVID,
	key	=	{SVID},
	title	=	"{System V Interface Definition}",
	publisher=	{AT\&T Bell Laboratories},
	edition	=	{$2^{\underline{\mbox{\scriptsize nd}}}$},
	year	=	1986
}

@book{TeXbook,
	author	=	"Donald E. Knuth",
	title	=	"{The \TeX{}book}",
	publisher=	{Addison-Wesley},
	address	=	{Reading, Massachusetts},
	year	=	1983
}

@techreport{TeX.Roff,
	author	=	"Michael Urban",
	title	=	"{A Guide to \TeX{} for the Troff User}",
	institution=	{TRW Software Productivity Project},
	month	=	oct,
	year	=	1984
}

@misc{TeX.Trip,
	author	=	"Donald E. Knuth",
	title	=	"{A Test File for \TeX{}}",
	month	=	jul,
	year	=	1983,
	note	=	{Version 0.999}
}

@manual{TLI,
	key	=	{ATT},
	title	=	"{Network Programmer's Guide}",
	organization=	{AT\&T},
	year	=	1988,
	note	=	{UNIX System V/386}
}

@manual{UCI.map,
	title	=	"{The UCI RoadMap}",
	author	=	mtr,
	organization=	nrtc,
	month	=	jun,
	year	=	1986
}

@article{WEB.TUT,
	author	=	"Donald E. Knuth",
	title	=	"{Literate Programming}",
	journal	=	{The Computer Journal},
	year	=	1983
}

@manual{WEB.USR,
	author	=	"Donald E. Knuth",
	title	=	"{WEB USER MANUAL}",
	year	=	1983
}
