% ``jpo'' bibliography database


@techreport{TP0.bridge,
	author	=	"Julian P. Onions and Marshall T. Rose",
	title	=	"{ISO-TP0 bridge between TCP and X.25}",
	type	=	rfc,
	number	=	1086,
	institution=	nic,
	address	=	sri,
	month	=	dec,
	year	=	1988
}

@inproceedings{Amigo.DL,
	author	=	"Steve Benford and Julian Onions",
	title	=	"{Pilot Distribution Lists -- Agents and Directories}",
	booktitle=	"{Proceedings, Third International Symposium on
			Computer Message Systems}",
	publisher=	{North Holland},
	month	=	apr,
	year	=	1987,
	note	=	{Munich, Germany},
}

@inproceedings{Amigo.DL.IMP,
        author  =       "Steve Benford and Julian Onions and Manfred Bogen and
                        Bernd Wagner",
        title   =       "{The Implementation of Amigo Distribution Lists}",
        publisher=      {North Holland},
        year    =       1988,
        month   =       apr,
        booktitle=      {Proceedings of the EUTECO Conference}
}

@book{Amigo.MHSbook,
        title   =       "{Distributed Group Communication -- The AMIGO
                        Information Model.}",
        author  =       "Hugh Smith and Julian Onions and Steve Benford",
        year    =       1989,
        publisher=      "Ellis Horwood",
        address =       "Chichester, England"
}

@inproceedings{Applications.Cookbook,
	author	=	"Julian P. Onions and Marshall T. Rose",
	title	=	"{The Application Cookbook}",
	booktitle=	"{Proceedings, Fourth International Symposium on
			Computer Message Systems}",
	editor	=	"Einar Stefferud",
	month	=	sep,
	year	=	1988,
	note	=	{Costa Mesa, California}
}

@article{X400.Tutorial,
	author	=	jpo,
	title	=	"{Components of OSI: X.400}",
	journal	=	connexions,
	volume	=	3,
	number	=	5,
	month	=	may,
	year	=	1989,
	pages	=	{2--8}
}
