% ``Networking'' bibliography database for BiB-TeX


@techreport{ARP,
	author	=	"David C. Plummer",
	title	=	"{An Ethernet Address Resolution Protocol}",
	type	=	rfc,
	number	=	825,
	institution=	nic,
	address	=	sri,
	month	=	sep,
	year	=	1982
}

@techreport{ARPA.MHS,
	author	=	"Stephen E. Kille",
	title	=	"{Mapping between X.400 and RFC822}",
	type	=	rfc,
	number	=	987,
	institution=	nic,
	address	=	sri,
	month	=	jun,
	year	=	1986,
	note	=	{Also available as UCL Technical Report number~120
			and Mailgroup Note number~19}
}

@techreport{ARPA.mapping.MHS,
	author	=	mtr,
	title	=	"{Mapping Service Elements between ARPA and MHS}",
	institution=	nrtc,
	month	=	nov,
	year	=	1985,
	note	=	{Unpublished (superceded by IFIP WG6.5 report)}
}

@techreport{Assigned.Numbers,
	author	=	"Joyce K. Reynolds",
	title	=	"{Assigned Numbers}",
	type	=	rfc,
	number	=	1010,
	institution=	nic,
	address	=	sri,
	month	=	may,
	year	=	1987
}

@incollection{ARM,
	author	=	"Michael A. Padlipksy",
	title	=	"{A Perspective on the ARPANET Reference Model}",
	booktitle=	"{The Elements of Networking Style and Other Essays
			 and Animadversions on the Art of Intercomputer
			 Networking}",
	chapter	=	5,
	pages	=	{89--115},
	publisher=	{Prentice-Hall, Inc.},
	address	=	{Englewood Cliffs, New Jersey},
	year	=	1985,
	note	=	{Also available as ARPA Internet Request for Comments
			871}
}

@inproceedings{ASDC.DIPS,
	author	=	"Jaime Delgado and Manuel Medina",
	title	=	"{Use of the Abstract Service Definition
			  Conventions for Distributed Information
			  Processing Systems Specification}",
	booktitle=	"{Proceedings, Fourth International Symposium on
			Computer Message Systems}",
	editor	=	"Einar Stefferud",
	month	=	sep,
	year	=	1988,
	note	=	{Costa Mesa, California}
}

@article{Building.Applications,
	author	=	mtr,
	title	=	"{Building Distributed Applications in an OSI
			Framework}",
	journal	=	connexions,
	volume	=	2,
	number	=	3,
	month	=	mar,
	year	=	1988,
	pages	=	{2--7}
}

@inproceedings{Applications.Cookbook,
	author	=	"Julian P. Onions and Marshall T. Rose",
	title	=	"{The Application Cookbook}",
	booktitle=	"{Proceedings, Fourth International Symposium on
			Computer Message Systems}",
	editor	=	"Einar Stefferud",
	month	=	sep,
	year	=	1988,
	note	=	{Costa Mesa, California}
}

@misc{CCITT.ACS.Service,
	key	=	{CCITT},
	title	=	"{Association Control Service Definition for
			 CCITT Applications}",
	month	=	dec,
	year	=	1988,
	howpublished=	ccitt,
	note	=	{Recommendation X.217}
}

@misc{CCITT.ACS.Protocol,
	key	=	{CCITT},
	title	=	"{Association Control Protocol Specification for
			 CCITT Applications}",
	month	=	dec,
	year	=	1988,
	howpublished=	ccitt,
	note	=	{Recommendation X.227}
}

@misc{CCITT.Directory,
	key	=	{CCITT},
	title	=	"{The Directory~---~Overview of Concepts, Models,
			  and Service}",
	month   =	dec,
	year	=	1988,
	howpublished=	ccitt,
	note	=	{Recommendation X.500}
}

@misc{CCITT.MHS,
	key	=	{CCITT},
	title	=	"{Message Handling: System and Service Overview}",
	year	=	1988,
	howpublished=	ccitt,
	note	=	{Recommendation X.400}
}

@misc{CCITT.TP.Service,
	key	=	{CCITT},
	title	=	"{Transport Service Definition for Open Systems
			Interconnection (OSI) for CCITT Applications}",
	month	=	oct,
	year	=	1984,
	howpublished=	ccitt,
	note	=	{Recommendation X.214}
}

@misc{CCITT.TP.Protocol,
	key	=	{CCITT},
	title	=	"{Transport Protocol Specification for Open Systems
			Interconnection (OSI) for CCITT Applications}",
	month	=	oct,
	year	=	1984,
	howpublished=	ccitt,
	note	=	{Recommendation X.224}
}

@misc{CCITT.SP.Service,
	key	=	{CCITT},
	title	=	"{Session Service Definition for Open Systems
			Interconnection (OSI) for CCITT Applications}",
	month	=	oct,
	year	=	1984,
	howpublished=	ccitt,
	note	=	{Recommendation X.224}
}

@misc{CCITT.SP.Protocol,
	key	=	{CCITT},
	title	=	"{Session Protocol Specification for Open Systems
			Interconnection (OSI) for CCITT Applications}",
	month	=	oct,
	year	=	1984,
	howpublished=	ccitt,
	note	=	{Recommendation X.225}
}

@misc{CCITT.PP.Service,
	key	=	{CCITT},
	title	=	"{Presentation Service Definition for Open Systems
			Interconnection (OSI) for CCITT Applications}",
	mon	=	dec,
	year	=	1988,
	howpublished=	ccitt,
	note	=	{Recommendation X.216}
}

@misc{CCITT.PP.Protocol,
	key	=	{CCITT},
	title	=	"{Presentation Protocol Specification for Open Systems
			Interconnection (OSI) for CCITT Applications}",
	mon	=	dec,
	year	=	1988,
	howpublished=	ccitt,
	note	=	{Recommendation X.226}
}

@misc{CCITT.PP.Syntax,
	key	=	{CCITT},
	title	=	"{Specification of Abstract Syntax Notation One}",
	mon	=	dec,
	year	=	1988,
	howpublished=	ccitt,
	note	=	{Recommendation X.208}
}

@misc{CCITT.PP.Encoding,
	key	=	{CCITT},
	title	=	"{Specification of Basic Encoding
			 Rules for Abstract Syntax Notation One}",
	mon	=	dec,
	year	=	1988,
	howpublished=	ccitt,
	note	=	{Recommendation X.209}
}

@misc{CCITT.ROS.Service,
	key	=	{CCITT},
	title	=	"{Remote Operations: Model, Notation and Service
			 Definition}",
	month	=	mar,
	year	=	1988,
	howpublished=	ccitt,
	note	=	{Recommendation X.219}
}

@misc{CCITT.ROS.Protocol,
	key	=	{CCITT},
	title	=	"{Remote Operations: Protocol Specification}",
	month	=	mar,
	year	=	1988,
	howpublished=	ccitt,
	note	=	{Recommendation X.229}
}

@misc{CCITT.RTS.Service,
	key	=	{CCITT},
	title	=	"{Reliable Transfer: Model and Service Definition}",
	month	=	mar,
	year	=	1988,
	howpublished=	ccitt,
	note	=	{Recommendation X.218}
}

@misc{CCITT.RTS.Protocol,
	key	=	{CCITT},
	title	=	"{Reliable Transfer: Protocol Specification}",
	month	=	mar,
	year	=	1988,
	howpublished=	ccitt,
	note	=	{Recommendation X.228}
}

@book{Computer.Networks,
	author	=	"Andrew S. Tanenbaum",
	title	=	"{Computer Networks}",
	publisher=	{Prentice-Hall},
	series	=	{Prentice Hall Software Series},
	year	=	1988,
	note	=	{ISBN 0--13--162959--X}
}

@techreport{Courier.BSD,
	author	=	"Eric C. Cooper",
	title	=	"{Writing Distributed Programs with Courier}",
	institution=	{Computer Science Division~---~EECS},
	address	=	{University of California, Berkeley},
	month	=	mar,
	year	=	1982
}

@techreport{DNS,
	author	=	"Paul V. Mockapetris",
	title	=	"{Domain Names --- Concepts and Facilities}",
	type	=	rfc,
	number	=	1033,
	institution=	nic,
	address	=	sri,
	month	=	Nov,
	year	=	1987
}

@misc{DoD.OSI,
	key	=	{DDN},
	title	=	"{The Department of Defense Open Systems
			Interconnection (OSI) Implementation Strategy}",
	month	=	may,
	year	=	1988,
	note	=	{The MITRE Corporation}
}

@misc{ECMA.ROS,
	key	=	{ECMA},
	title	=	"{Remote Operations: Concepts, Notation and
			 Connection-Oriented Mappings}",
	month	=	dec,
	year	=	1985,
	note	=	{ECMA TR/31}
}

@techreport{EON,
	author	=	"Robert A. Hagens and Nancy E. Hall and
			Marshall T. Rose",
	title	=	"{Use of the DARPA/NSF Internet as a Subnet for
			Experimentation with the OSI Network Layer}",
	type	=	rfc,
	number	=	1070,
	institution=	nic,
	address	=	sri,
	month	=	feb,
	year	=	1989
}

@techreport{EON.addressing,
	author	=	"Ross Callon and Hans-Werner Braun",
	title	=	"{Guidelines for the use of Internet-IP
			addresses in the ISO Connectionless-Mode Network
			Protocol}",
	type	=	rfc,
	number	=	1069,
	institution=	nic,
	address	=	sri,
	month	=	feb,
	year	=	1989
}

@techreport{FTP,
	key	=	{FTP},
	author	=	{Jon B. Postel},
	title	=	"{File Transfer Protocol}",
	type	=	rfc,
	number	=	959,
	institution=	nic,
	address	=	sri,
	month	=	oct,
	year	=	1985,
	note	=	{See also \milstd/ 1780}
}

@incollection{Gateways.Heffalumps,
	author	=	"Michael A. Padlipksy",
	title	=	"{Gateways, Architectures, and Heffalumps}",
	booktitle=	"{The Elements of Networking Style and Other Essays
			 and Animadversions on the Art of Intercomputer
			 Networking}",
	chapter	=	10,
	pages	=	{167--176},
	publisher=	{Prentice-Hall, Inc.},
	address	=	{Englewood Cliffs, New Jersey},
	year	=	1985,
	note	=	{Also available as ARPA Internet Request for Comments
			875}
}

@misc{GOSIP,
	key	=	{USGOSIP},
	title	=	"{U.S.~Government Open Systems Interconnection
			 Profile (GOSIP)}",
	month	=	aug,
	year	=	1988,
	note	=	{U.S.~Federal Information Processing Standards
			Publication~146}
}

@misc{UK.GOSIP,
	key	=	{UKGOSIP},
	title	=	"{U.K.~Government OSI Profile}",
	month	=	jan,
	year	=	1988,
	note	=	{Version~3.0}
}

@article{Host.Multicasting,
	author	=	"Stephen E. Deering",
	title	=	"{Multicast Routing in Internetworks and
			  Extended LANs}",
	journal	=	ccr,
	volume	=	18,
	number	=	4,
	month	=	aug,
	year	=	1988,
	pages	=	{55--64}
}

@techreport{Interim.Addresses,
	author	=	"Stephen E. Kille",
	title	=	"{An interim approach to use of Network Addresses}",
	type	=	"Research Note",
	number	=	{RN/89/14},
	institution=	{Department of Computer Science},
	address	=	ucl,
	month	=	feb,
	year	=	1989
}

@article{ISODE.Horizontal,
	author	=	mtr,
	title	=	"{ISODE: Horizontal Integration in Networking}",
	journal	=	connexions,
	volume	=	1,
	number	=	1,
	month	=	may,
	year	=	1987,
	pages	=	{8--12}
}

@techreport{IP,
	key	=	{IP},
	author	=	{Jon B. Postel},
	title	=	"{Internet Protocol}",
	type	=	rfc,
	number	=	791,
	institution=	nic,
	address	=	sri,
	month	=	sep,
	year	=	1981,
	note	=	{See also \milstd/ 1777}
}

@misc{IP.Requirements,
	key	=	{NSF},
	title	=	"{Requirement for Internet Gateways~---~Draft}",
	month	=	may,
	year	=	1986,
	note	=	{ARPA Internet Request for Comments 985, prepared by
			the Gateway Requirements Subcommitee of the National
			Science Foundation's Network Technical Advisory Group,
			David L.~Mills, chair}
}

@misc{ISO.ALS,
	key	=	{ISO},
	title	=	"{Information Processing Systems~---~Open Systems
			 Interconnection~---~Application Layer Structure}",
	month	=	mar,
	year	=	1987,
	howpublished=	iso/iec,
	note	=	{Draft Proposal 9534}
}

@misc{ISO.ACS.Service,
	key	=	{ISO},
	title	=	"{Information Processing Systems~---~Open Systems
			 Interconnection~---~Service Definition for the
			 Association Control Service Element}",
	month	=	apr,
	year	=	1988,
	howpublished=	iso/iec,
	note	=	{Revised Final Text of Draft International
			 Standard 8649}
}

@misc{ISO.ACS.Protocol,
	key	=	{ISO},
	title	=	"{Information Processing Systems~---~Open Systems
			 Interconnection~--~Protocol Specification for the
			 Association Control Service Element}",
	month	=	apr,
	year	=	1988,
	howpublished=	iso/iec,
	note	=	{Revised Final Text of Draft International
			 Standard 8650}
}

@misc{ISO.Directory,
	key	=	{ISO},
	title	=	"{Information Processing Systems~---~Open
			  Systems Interconnection~---~The
			  Directory~---~Overview of Concepts, Models,
			  and Service}",
	month	=	dec,
	year	=	1988,
	howpublished=	iso/iec,
	note	=	{International Standard 9594-1}
}

@misc{ISO.DLP.Service,
	key	=	{ISO},
	title	=	"{Information Processing Systems~---~Open Systems
			 Interconnection~---~Data Link Service Definition}",
	month	=	dec,
	year	=	1987,
	howpublished=	iso/iec,
	note	=	{Final Text of Draft International Standard 8886--2}
}

@misc{ISO.LAN,
	key	=	{ISO},
	title	=	"{Information Processing Systems~---~Local Area
			  Networks}", 
	month	=	may,
	year	=	1987,
	howpublished=	iso/iec,
	note	=	{International Standard 8802}
}

@misc{ISO.LAN.LLC,
	key	=	{ISO},
	title	=	"{Information Processing Systems~---~Local Area
			  Networks~---~Logical Link Control}",
	month	=	may,
	year	=	1987,
	howpublished=	iso/iec,
	note	=	{International Standard 8802--2}
}

@misc{ISO.LAN.CONS,
	key	=	{ISO},
	title	=	"{Information Processing Systems~---~Data
			  Communications~---~Use of X.25 over Local Area
			  Networks to Provide the OSI Connection-mode
			  Network Service}",
	month	=	may,
	year	=	1987,
	howpublished=	iso/iec,
	note	=	{International Standard 8881}
}

@misc{ISO.FTAM,
	key	=	{ISO},
	title	=	"{Information Processing Systems~---~File
			Transfer, Access, and Management}",
	month	=	apr,
	year	=	1988,
	howpublished=	iso/iec,
	note	=	{Final Text of Draft International Standard 8571}
}

@misc{ISO.MOTIS,
	key	=	{ISO},
	title	=	"{Information Processing Systems~---~Text
			Communication~---~MOTIS~---~Message Handling:
			System and Service Overview}",
	month	=	nov,
	year	=	1988,
	howpublished=	iso/iec,
	note	=	{Draft International Standard 8505-1}
}

@misc{ISO.NP.Service,
	key	=	{ISO},
	title	=	"{Information Processing Systems~---~Data
			 Communications~---~Network Service Definition}",
	month	=	apr,
	year	=	1987,
	howpublished=	iso/iec,
	note	=	{International Standard 8348}
}

@misc{ISO.NP.CLNS,
	key	=	{ISO},
	title	=	"{Information Processing Systems~---~Data
			 Communications~---~Network Service
			 Definition~---~Addendum 1: Connectionless-mode
			 Transmission}",
	month	=	apr,
	year	=	1987,
	howpublished=	iso/iec,
	note	=	{International Standard 8348/AD 1}
}

@misc{ISO.NP.Addressing,
	key	=	{ISO},
	title	=	"{Information Processing Systems~---~Data
			 Communications~---~Network Service
			 Definition~---~Addendum 2: Network Layer Addresisng}",
	month	=	apr,
	year	=	1987,
	howpublished=	iso/iec,
	note	=	{International Standard 8348/AD 2}
}

@misc{ISO.NP.CLNP,
	key	=	{ISO},
	title	=	"{Information Processing Systems~---~Data
			 Communications~---~Protocol for providing the
			 Connectionless-mode Network Service and Provision
			 of Underlying Service}",
	month	=	may,
	year	=	1987,
	howpublished=	iso/iec,
	note	=	{Consolidated Final Text of Draft International
		         Standard 8473}
}

@misc{ISO.NP.X25,
	key	=	{ISO},
	title	=	"{Information Processing Systems~---~Data
			 Communications~---~Use of X.25 to Provide the
			 OSI Connection-mode Network Service}",
	month	=	sep,
	year	=	1987,
	howpublished=	iso/iec,
	note	=	{International Standard 8878}
}

@misc{ISO.X25.PLP,
	key	=	{ISO},
	title	=	"{Information Processing Systems~---~Data
			  Communications~---~X.25 Packet Level Protocol}",
	month	=	sep,
	year	=	1987,
	howpublished=	iso/iec,
	note	=	{International Standard 8208}
}

@misc{ISO.X25.LAPB,
	key	=	{ISO},
	title	=	"{Information Processing Systems~---~Data
			  Communications~---~High-level Data Link Control
			  Procedures~---~Description of the X.25
			  LAPB-compatible DTE Data Link Procedures}",
	month	=	dec,
	year	=	1986,
	howpublished=	iso/iec,
	note	=	{International Standard 7776}
}

@misc{ISO.NP.IONL,
	key	=	{ISO},
	title	=	"{Information Processing Systems~---~Data
			  Communications~---~Internal Organization of
			  the Network Layer}",
	month	=	may,
	year	=	1987,
	howpublished=	iso/iec,
	note	=	{International Standard 8648}
}

@misc{ISO.NS.Principles,
	key	=	{ISO},
	title	=	"{Information Processing Systems~---~Data
			 Communications~---~Protocol Combinations to
			 Provide and Support the OSI Network
			 Service~---~Part 1: General Principles}",
	month	=	jun,
	year	=	1987,
	howpublished=	iso/iec,
	note	=	{Draft International Standard 8880--1}
}

@misc{ISO.NS.CONS,
	key	=	{ISO},
	title	=	"{Information Processing Systems~---~Data
			 Communications~---~Protocol Combinations to
			 Provide and Support the OSI Network
			 Service~---~Part 2: Provision and Support of
			 the connection-mode network service}",
	month	=	jun,
	year	=	1987,
	howpublished=	iso/iec,
	note	=	{Draft International Standard 8880--2}
}

@misc{ISO.NS.CLNS,
	key	=	{ISO},
	title	=	"{Information Processing Systems~---~Data
			 Communications~---~Protocol Combinations to
			 Provide and Support the OSI Network
			 Service~---~Part 3: Provision and Support of
			 the connectionless-mode network service}",
	month	=	jun,
	year	=	1987,
	howpublished=	iso/iec,
	note	=	{Draft International Standard 8880--3}
}

@misc{ISO.PP.Service,
	key	=	{ISO},
	title	=	"{Information Processing Systems~---~Open Systems
			 Interconnection~---~Connection Oriented Presentation
			 Service Definition}",
	month	=	apr,
	year	=	1988,
	howpublished=	iso/iec,
	note	=	{Final Text of Draft International Standard 8822}
}

@misc{ISO.PP.Protocol,
	key	=	{ISO},
	title	=	"{Information Processing Systems~---~Open Systems
			 Interconnection~---~Connection Oriented Presentation
			 Protocol Specification}",
	month	=	apr,
	year	=	1988,
	howpublished=	iso/iec,
	note	=	{Final Text of Draft International Standard 8823}
}

@misc{ISO.PP.Syntax,
	key	=	{ISO},
	title	=	"{Information Processing~---~Open Systems
			 Interconnection~---~Specification of Abstract Syntax
			 Notation One (ASN.1)}",
	mon	=	dec,
	year	=	1987,
	howpublished=	iso/iec,
	note	=	{International Standard 8824}
}

@misc{ISO.PP.Encoding,
	key	=	{ISO},
	title	=	"{Information Processing~---~Open Systems
			 Interconnection~---~Specification of Basic Encoding
			 Rules for Abstract Syntax Notation One (ASN.1)}",
	mon	=	dec,
	year	=	1987,
	howpublished=	iso/iec,
	note	=	{International Standard 8825}
}

@misc{ISO.ASN1.Extensions,
	key	=	{ISO},
	title	=	"{Information Processing~---~Open Systems
			 Interconnection~---~Abstract Syntax
			 Notation One (ASN.1)~---~Draft Addendum 1:
			 Extensions to ASN.1}",
	mon	=	dec,
	year	=	1987,
	howpublished=	iso/iec,
	note	=	{Draft Addendum 8824/DAD 1}
}

@misc{ISO.BER.Extensions,
	key	=	{ISO},
	title	=	"{Information Processing~---~Open Systems
			 Interconnection~---~Abstract Syntax
			 Notation One (ASN.1)~---~Draft Addendum 1:
			 Extensions to ASN.1 Basic Encoding Rules}",
	mon	=	dec,
	year	=	1987,
	howpublished=	iso/iec,
	note	=	{Draft Addendum 8825/DAD 1}
}

@misc{ISO.ROS.Service,
	key	=	{ISO},
	title	=	"{Information Processing Systems~---~Text
			 Communication~---~Remote Operations
			 Part~1: Model, Notation and Service Definition}",
	month	=	mar,
	year	=	1988,
	howpublished=	iso/iec,
	note	=	{Working Document for International Standard 9072-1}
}

@misc{ISO.ROS.Protocol,
	key	=	{ISO},
	title	=	"{Information Processing Systems~---~Text
			 Communication~---~Remote Operations
			 Part~2: Protocol Specification}",
	month	=	mar,
	year	=	1988,
	howpublished=	iso/iec,
	note	=	{Working Document for International Standard 9072-2}
}

@misc{ISO.RTS.Service,
	key	=	{ISO},
	title	=	"{Information Processing Systems~---~Text
			 Communication~---~Reliable Transfer
			 Part~1: Model and Service Definition}",
	month	=	mar,
	year	=	1988,
	howpublished=	iso/iec,
	note	=	{Working Document for International Standard 9066-1}
}

@misc{ISO.RTS.Protocol,
	key	=	{ISO},
	title	=	"{Information Processing Systems~---~Text
			 Communication~---~Reliable Transfer
			 Part~2: Protocol Specification}",
	month	=	mar,
	year	=	1988,
	howpublished=	iso/iec,
	note	=	{Working Document for International Standard 9066-2}
}

@misc{ISO.SP.Service,
	key	=	{ISO},
	title	=	"{Information Processing Systems~---~Open Systems
			Interconnection~---~Basic Connection Oriented
			Session Service Definition}",
	month	=	aug,
	year	=	1987,
	howpublished=	iso/iec,
	note	=	{International Standard 8326}
}

@misc{ISO.SP.Protocol,
	key	=	{ISO},
	title	=	"{Information Processing Systems~---~Open Systems
			Interconnection~---~Basic Connection Oriented
			Session Protocol Specification}",
	month	=	aug,
	year	=	1987,
	howpublished=	iso/iec,
	note	=	{International Standard 8327}
}

@misc{ISO.SS.Symmetric,
	key	=	{ISO},
	title	=	"{Information Processing Systems~---~Open Systems
			Interconnection~---~Basic Connection Oriented
			Session Service Definition~---~Addendum 1:
			Session Symmetric Synchronization for the
			Session Service}",
	month	=	jul,
	year	=	1987,
	howpublished=	iso/iec,
	note	=	{Draft Addendum 8326/DAD 1}
}

@misc{ISO.SP.Symmetric,
	key	=	{ISO},
	title	=	"{Information Processing Systems~---~Open Systems
			Interconnection~---~Basic Connection Oriented
			Session Protocol Specification~---~Addendum 1:
			Session Symmetric Synchronization for the
			Session Protocol}",
	month	=	jul,
	year	=	1987,
	howpublished=	iso/iec,
	note	=	{Draft Addendum 8327/DAD 1}
}

@misc{ISO.SS.UserData,
	key	=	{ISO},
	title	=	"{Information Processing Systems~---~Open Systems
			Interconnection~---~Basic Connection Oriented
			Session Service Definition~---~Addendum 2:
			Incorporation of Unlimited User Data}",
	month	=	aug,
	year	=	1987,
	howpublished=	iso/iec,
	note	=	{Draft Addendum 8326/DAD 2}
}

@misc{ISO.SP.UserData,
	key	=	{ISO},
	title	=	"{Information Processing Systems~---~Open Systems
			Interconnection~---~Basic Connection Oriented
			Session Protocol Specification~---~Addendum 2:
			Incorporation of Unlimited User Data}",
	month	=	aug,
	year	=	1987,
	howpublished=	iso/iec,
	note	=	{Draft Addendum 8327/DAD 2}
}

@misc{ISO.TP.Service,
	key	=	{ISO},
	title	=	"{Information Processing Systems~---~Open Systems
			Interconnection~---~Transport Service Definition}",
	mon	=	jun,
	year	=	1985,
	howpublished=	iso/iec,
	note	=	{International Standard 8072}
}

@misc{ISO.TP.Protocol,
	key	=	{ISO},
	title	=	"{Information Processing Systems~---~Open Systems
			Interconnection~---~Transport Protocol Specification}",
	mon	=	jul,
	year	=	1986,
	howpublished=	iso/iec,
	note	=	{International Standard 8073}
}

@misc{ISO.VT,
	key	=	{ISO},
	title	=	"{Information Processing Systems~---~Virtual Terminal
			Service: Basic Class}",
	month	=	aug,
	year	=	1987,
	howpublished=	iso/iec,
	note	=	{Draft International Standard 9040}
}

@article{ISO.on.DDN,
	author	=	"Marshall T. Rose and Dwight E. Cass",
	title	=	"{OSI Transport Services on top of the TCP}",
	journal	=	cn/isdn,
	volume	=	12,
	number	=	3,
	year	=	1986,
	note	=	{Also available as NRTC Technical Paper \#700.}
}

@article{Internet.Architecture,
	author	=	"Vinton G. Cerf and Edward A. Cain",
	title	=	"{The DoD Internet Architecture Model}",
	journal	=	cn/isdn,
	volume	=	7,
	number	=	10,
	month	=	oct,
	year	=	1983,
	pages	=	{307--318}
}

@techreport{Internet.NM,
	author	=	"Vinton G. Cerf",
	title	=	"{IAB Recommendations for the Development of
			  Internet Network Management Standards}",
	type	=	rfc,
	number	=	1052,
	institution=	nic,
	address	=	sri,
	month	=	apr,
	year	=	1988
}

@techreport{Internet.SMI,
	author	=	"Marshall T. Rose and Keith McCloghrie",
	title	=	"{Structure and Identification of Management
			Information for TCP/IP based internets}",
	type	=	rfc,
	number	=	1065,
	institution=	nic,
	address	=	sri,
	month	=	aug,
	year	=	1988
}

@techreport{Internet.MIB,
	author	=	"Keith McCloghrie and Marshall T. Rose",
	title	=	"{Management Information Base Network Management
			  of TCP/IP based internets}",
	type	=	rfc,
	number	=	1066,
	institution=	nic,
	address	=	sri,
	month	=	aug,
	year	=	1988
}

@inproceedings{Layers,
	author	=	"Danny Cohen and Jon B. Postel",
	title	=	"{The ISO Reference Model and Other Protocol
			Architectures}",
	booktitle=	{Proceedings of the IFIP Congress},
	year	=	1983,
	note	=	{Paris, France}
}

@inproceedings{Management.TCP-IP,
	author	=	"Keith McCloghrie and Marshall T. Rose",
	title	=	"{Network Management of TCP/IP-based Internets}",
	booktitle=	"{Proceedings of the Digital Equipment Computer
			Users Society}",
	pages	=	{167--169},
	month	=	"Fall",
	year	=	1988
}

@article{Management.TCP-IP.Again,
	author	=	"Keith McCloghrie and Marshall T. Rose",
	title	=	"{Network Management of TCP/IP-based Internets}",
	journal	=	connexions,
	volume	=	3,
	number	=	3,
	month	=	mar,
	year	=	1989,
	pages	=	{3--9}
}

@misc{MHS,
	key	=	{CCITT},
	title	=	"{Message Handling Systems: System Model-Service
			Elements}",
	month	=	oct,
	year	=	1984,
	note	=	ccitt
}

@misc{MHS.Elements,
	key	=	{CCITT},
	title	=	"{Message Handling Systems: Basic Service Elements
			and Optional User Facilities}",
	month	=	oct,
	year	=	1984,
	howpublished=	ccitt,
	note	=	{Recommendation X.401}
}

@misc{MHS.Conversion,
	key	=	{CCITT},
	title	=	"{Message Handling Systems: Encoded Information Type
			Conversion Rules}",
	month	=	oct,
	year	=	1984,
	howpublished=	ccitt,
	note	=	{Recommendation X.408}
}

@misc{MHS.Notation,
	key	=	{CCITT},
	title	=	"{Message Handling Systems: Presentation Transfer
			Syntax and Notation}",
	month	=	oct,
	year	=	1984,
	howpublished=	ccitt,
	note	=	{Recommendation X.409}
}

@misc{MHS.RTS,
	key	=	{CCITT},
	title	=	"{Message Handling Systems: Remote Operations and
			Reliable Transfer Server}",
	month	=	oct,
	year	=	1984,
	howpublished=	ccitt,
	note	=	{Recommendation X.410}
}

@misc{MHS.P1,
	key	=	{CCITT},
	title	=	"{Message Handling Systems: Message Transfer Layer}",
	month	=	oct,
	year	=	1984,
	howpublished=	ccitt,
	note	=	{Recommendation X.411}
}

@misc{MHS.P2,
	key	=	{CCITT},
	title	=	"{Message Handling Systems: Interpersonal Messaging
			User Agent}",
	month	=	oct,
	year	=	1984,
	howpublished=	ccitt,
	note	=	{Recommendation X.420}
}

@misc{MHS.Teletex,
	key	=	{CCITT},
	title	=	"{Message Handling Systems: Access Protocol for
			Teletex Terminals}",
	month	=	oct,
	year	=	1984,
	howpublished=	ccitt,
	note	=	{Recommendation X.430}
}

@misc{NBS.TP,
	key	=	{NBS},
	title	=	"{Implementation Agreements Among Implementors of
			OSI Protocols}",
	month	=	may,
	year	=	1985,
	note	=	{National Bureau of Standards}
}

@techreport{NETBLT,
	author	=	"David D. Clark and Mark L. Lambert and Lixia Zhang",
	title	=	"{NETBLT: A Bulk Data Transfer Protocol}",
	type	=	rfc,
	number	=	998,
	institution=	nic,
	address	=	sri,
	month	=	mar,
	year	=	1987
}

@manual{NFS,
	title	=	"Network File System Protocol Specification",
	key	=	{SMI},
	organization=	{Sun Microsystems, Inc.},
	address	=	{Mountain View, California},
	month	=	feb,
	year	=	1986,
	note	=	{Part Number 800-1324-03}
}

@misc{NRC.Report,
	key	=	{NRC},
	title	=	"{Transport Protocols for Department of Defense Data
			Networks}",
	howpublished=	{National Academy Press},
	month	=	feb,
	year	=	1985,
	note	=	{Report to the Department of Defense and
			the National Bureau of Standards by the Committee on
			Computer-Computer Communication Protocols, Board on
			Telecommunications and Computer Applications
			Commission on Engineering and Technical Systems,
			National Research Council,
			C. Chaplin Cutler, chair
			(Executive Summary available as ARPA Internet Request
			for Comments 939)}
}

@article{Netman.Demo,
	author	=	"George Marshall",
	title	=	"{The NetMan Demonstration at INTEROP '88}",
	journal	=	connexions,
	volume	=	3,
	number	=	3,
	month	=	mar,
	year	=	1989,
	pages	=	{20}
}

@article{NSFnet.Backbone,
	author	=	"David L. Mills and Hans-Werner Braun",
	title	=	"{The NSFNET Backbone Network}",
	journal	=	ccr,
	volume	=	17,
	number	=	5,
	month	=	aug,
	year	=	1987,
	pages	=	{191--196}
}

@techreport{Official.Protocols,
	author	=	"{IAB}",
	title	=	"{IAB Official Protocol Standards}",
	type	=	rfc,
	number	=	1083,
	institution=	nic,
	address	=	sri,
	month	=	dec,
	year	=	1988,
	note	=	{Internet Activities Board}
}

@misc{OSI,
	key	=	{ISO},
	title	=	"{Information Processing Systems~---~Open Systems
			Interconnection: Basic Reference Model}",
	mon	=	oct,
	year	=	1984,
	note	=	{Interational Standard 7498}
}

@misc{OSI.Implementors,
	key	=	{NIST},
	title	=	"{Stable Implementation Agreements for Open
			 Systems Interconnection Protocols}",
	month	=	dec,
	year	=	1988,
	note	=	{Version 1, Edition 4}
}

@article{OSI.POSIX,
	author	=	mtr,
	title	=	"{OSI Protocols within an openly available,
			  POSIX-conformant, Berkeley UNIX environment}",
	journal	=	connexions,
	volume	=	2,
	number	=	10,
	month	=	oct,
	year	=	1988,
	pages	=	{11--13}
}

@book{Open.Book,
	author	=	mtr,
	title	=	"{The Open Book: A Practical Perspective on Open
			  Systems Interconnection}",
	publisher=	{Prentice-Hall},
	year	=	1989,
	note	=	{(to appear)}
}

@techreport{PSAP.on.TCP.old,
	author	=	mtr,
	title	=	"{ISO Presentation Services on top of
			TCP/IP-based internets}",
	type	=	idea,
	number	=	17,
	institution=	nic,
	address	=	sri,
	month	=	mar,
	year	=	1988
}

@techreport{PSAP.on.TCP,
	author	=	mtr,
	title	=	"{ISO Presentation Services on top of
			TCP/IP-based internets}",
	type	=	rfc,
	number	=	1085,
	institution=	nic,
	address	=	sri,
	month	=	dec,
	year	=	1988
}

@article{Protocol.Conversion,
	author	=	"Green, Jr., Paul E.",
	title	=	"{Protocol Conversion}",
	journal	=	ieeecom,
	volume	=	{COM--34},
	number	=	3,
	month	=	mar,
	year	=	1986,
	pages	=	{257--268}
}

@techreport{QUIPU.Design,
	author	=	"Stephen E. Kille",
	title	=	"{The Design of QUIPU}",
	type	=	"Research Note",
	number	=	{RN/89/19},
	institution=	{Department of Computer Science},
	address	=	ucl,
	month	=	mar,
	year	=	1989
}

@inproceedings{QUIPU.Directory,
	author	=	"Stephen E. Kille",
	title	=	"{The QUIPU Directory Service}",
	booktitle=	"{Proceedings, Fourth International Symposium on
			Computer Message Systems}",
	editor	=	"Einar Stefferud",
	month	=	sep,
	year	=	1988,
	note	=	{Costa Mesa, California}
}

@inproceedings{PP.MTA,
	author	=	"Stephen E. Kille",
	title	=	"{PP -- A Message Transfer Agent}",
	booktitle=	"{Proceedings, Fourth International Symposium on
			Computer Message Systems}",
	editor	=	"Einar Stefferud",
	month	=	sep,
	year	=	1988,
	note	=	{Costa Mesa, California}
}

@techreport{RawPacket,
	author	=	mtr,
	title	=	"{Low Tech Connections in to the ARPA Internet:
			The RawPacket Split-Gateway}",
	number	=	216,
	institution=	ics,
	address	=	uci,
	month	=	feb,
	year	=	1984
}

@techreport{RFC822,
	author	=	"David H. Crocker",
	title	=	"{Standard for the Format of ARPA Internet Text
			Messages}",
	type	=	rfc,
	number	=	822,
	institution=	nic,
	address	=	sri,
	month	=	aug,
	year	=	1982
}

@article{Session.Hints,
	author	=	"Fausto Caneschi",
	title	=	"{Hints for the Interpretation of the ISO
			Session Layer}",
	journal	=	ccr,
	volume	=	16,
	number	=	4,
	month	=	aug,
	year	=	1986,
	pages	=	{34--72}
}

@techreport{Silly.Window,
	author	=	"David D. Clark",
	title	=	"{Window and Acknowledgement Strategy in TCP}",
	type	=	rfc,
	number	=	813,
	institution=	nic,
	address	=	sri,
	month	=	jul,
	year	=	1982
}

@techreport{SMTP,
	key	=	{SMTP},
	author	=	{Jon B. Postel},
	title	=	"{Simple Mail Transfer Protocol}",
	type	=	rfc,
	number	=	821,
	institution=	nic,
	address	=	sri,
	month	=	aug,
	year	=	1982,
	note	=	{See also \milstd/ 1781}
}

@manual{SNA,
	title	=	"{Systems Network Architecture Technical Overview}",
	key	=	{IBM},
	organization=	{International Business Machines, Incorporated,
			Data Processing Division},
	address	=	{White Plains, New York},
	month	=	mar,
	year	=	1982,
	note	=	{Document Number GC30--3073--0}
}

@techreport{SGMP,
	author	=	"James R. Davin and Jeffrey D. Case and Mark S.
			Fedor and Martin L. Schoffstall",
	title	=	"{A Simple Gateway Monitoring Protocol}",
	type	=	rfc,
	number	=	1028,
	institution=	nic,
	address	=	sri,
	month	=	nov,
	year	=	1987
}

@inproceedings{SNA.convert.XNS,
	author	=	"Kenneth O. Zoline and William P. Lidinksy",
	title	=	"{An Approach for Interconnecting SNA and XNS
			Networks}",
	booktitle=	"{Proceedings, Ninth Data Communications Symposium}",
	pages	=	{184--198},
	organization=	{ACM Special Interest Group on Communications},
	publisher=	{IEEE Computer Society Press},
	month	=	sep,
	year	=	1985
}

@techreport{SNMP,
	author	=	"Jeffrey D. Case and Mark S. Fedor and Martin L.
			Schoffstall and James R. Davin",
	title	=	"{A Simple Network Management Protocol}",
	type	=	rfc,
	number	=	1067,
	institution=	nic,
	address	=	sri,
	month	=	aug,
	year	=	1988
}

@article{SNMP.Design,
	author	=	"Jeffrey D. Case and James R. Davin
			and Mark S. Fedor and Martin L. Schoffstall",
	title	=	"{Network Management and the Design of SNMP}",
	journal	=	connexions,
	volume	=	3,
	number	=	3,
	month	=	mar,
	year	=	1989,
	pages	=	{22--26}
}

@techreport{String.Addresses,
	author	=	"Stephen E. Kille",
	title	=	"{A string encoding of Presentation Address}",
	type	=	"Research Note",
	number	=	{RN/89/14},
	institution=	{Department of Computer Science},
	address	=	ucl,
	month	=	feb,
	year	=	1989
}

@techreport{TCP,
	key	=	{TCP},
	author	=	{Jon B. Postel},
	title	=	"{Transmission Control Protocol}",
	type	=	rfc,
	number	=	793,
	institution=	nic,
	address	=	sri,
	month	=	sep,
	year	=	1981,
	note	=	{See also \milstd/ 1778}
}

@article{TCP.convert.ISO,
	author	=	"Inge Groenbaek",
	title	=	"{Conversion Between the TCP and ISO Transport
			Protocols as a Method of Achieving Interoperability
			Between Data Communication Systems}",
	journal	=	jsac,
	volume	=	{SAC-4},
	number	=	2,
	month	=	mar,
	year	=	1986,
	pages	=	{288--296}
}

@article{TCP.convert.OSI,
	author	=	"Michael Witt",
	title	=	"{Moving from DoD to OSI Protocols: A First Step}",
	journal	=	ccr,
	volume	=	16,
	number	=	2,
	month	=	{April/May},
	year	=	1986,
	pages	=	{1--7}
}

@inproceedings{TCP.transition.ISO,
	author	=	"Irene Hu",
	title	=	"{Managing the Transition from TCP/IP to ISO
			 Protcols}",
	booktitle=	"{Proceedings, Uniforum 1987 Conference}",
	pages	=	{59--74},
	organization=	{/usr/group},
	month	=	jan,
	year	=	1987
}

@article{TCP.wars,
	author	=	mtr,
	title	=	"{Comments on ``Comments on `Congestion Control
			in TCP/IP Internetworks'\,''}",
	journal	=	ccr,
	volume	=	15,
	number	=	5,
	month	=	{October/November},
	year	=	1985,
	pages	=	{2--9}
}

@inproceedings{TCP.losing.MILSTD,
	author	=	"Deepinder P. Sidhu and Thomas P. Blumer",
	title	=	"{Some Problems with the Specification of the
			Military Standard Transmission Control Protocol}",
	booktitle=	{Proceedings, Fourth International Workshop on Protocol
			Specification, Testing, and Verification},
	editor	=	"Y.~Yemini and et.~al.",
	pages	=	{375--381},
	organization=	{IFIP WG 6.1},
	publisher=	{North-Holland Publishing Company},
	month	=	jun,
	year	=	1985,
	note	=	{Skytop Lodge, Pennsylvania}
}

@inproceedings{RTT.Improve,
	author	=	"Phil Karn and Craig Partridge",
	title	=	"{Improving Round-Trip Time Estimates in
			Reliable Transport Protocols}",
	booktitle=	"{Proceedings, SIGCOMM '87 Workshop}",
	editor	=	"J. J. Garcia-Luna-Aceves",
	pages	=	{2--7},
	organization=	{ACM SIGCOMM},
	publisher=	{ACM Press},
	month	=	aug,
	year	=	1987,
	note	=	{Stowe, Vermont}
}

@techreport{TELNET,
	key	=	{TELNET},
	author	=	{Jon B. Postel},
	title	=	"{TELNET Protocol Specification}",
	type	=	rfc,
	number	=	854,
	institution=	nic,
	address	=	sri,
	month	=	may,
	year	=	1983,
	note	=	{See also \milstd/ 1782}
}

@techreport{TP0.bridge,
	author	=	"Julian P. Onions and Marshall T. Rose",
	title	=	"{ISO-TP0 bridge between TCP and X.25}",
	type	=	rfc,
	number	=	1086,
	institution=	nic,
	address	=	sri,
	month	=	dec,
	year	=	1988
}

@article{Transition.and.Coexistence,
	author	=	mtr,
	title	=	"{Transition and coexistence for TCP/IP to OSI}",
	journal	=	connexions,
	volume	=	2,
	number	=	12,
	month	=	dec,
	year	=	1988,
	pages	=	{2--5}
}

@article{Transport.Bridges,
	author	=	mtr,
	title	=	"{Transport-level ``bridges'' from TCP/IP to OSI/ISO}",
	journal	=	connexions,
	volume	=	2,
	number	=	1,
	month	=	jan,
	year	=	1988,
	pages	=	{2--6}
}

@techreport{TSAP.on.TCP.old,
	author	=	"Dwight E. Cass and Marshall T. Rose",
	title	=	"{ISO Transport Services on top of the TCP}",
	type	=	rfc,
	number	=	983,
	institution=	nic,
	address	=	sri,
	month	=	apr,
	year	=	1986
}

@techreport{TSAP.on.TCP,
	author	=	"Marshall T. Rose and Dwight E. Cass",
	title	=	"{ISO Transport Services on top of the TCP}",
	type	=	rfc,
	number	=	1006,
	institution=	nic,
	address	=	sri,
	month	=	may,
	year	=	1987
}

@techreport{UDP,
	key	=	{UDP},
	author	=	{Jon B. Postel},
	title	=	"{User Datagram Protocol}",
	type	=	rfc,
	number	=	768,
	institution=	nic,
	address	=	sri,
	month	=	aug,
	year	=	1980
}

@misc{White.Book,
	author	=	"{JNT}",
	title	=	"{Transition to OSI Standards}",
	howpublished=	{U.K.~Joint Network Team},
	month	=	jul,
	year	=	1987,
	note	=	{Final Report of the Academic Community OSI
			Transition Group}
}

@article{X.window,
	author	=	"Robert W. Scheifler and Jim Gettys",
	title	=	"{The X Window System}",
	journal	=	tog,
	volume	=	5,
	number	=	2,
	month	=	apr,
	year	=	1986,
	pages	=	{79--109},
	note	=	{Special Issue on User Interface Software}
}

@manual{XDR,
	title	=	"External Data Representation Protocol Specification",
	key	=	{SMI},
	organization=	{Sun Microsystems, Inc.},
	address	=	{Mountain View, California},
	month	=	feb,
	year	=	1986,
	note	=	{Part Number 800-1324-03}
}

@inproceedings{XDR.Comparison,
	author	=	"Craig Partridge and Marshall T. Rose",
	title	=	"{A Comparison of External Data Formats}",
	booktitle=	"{Proceedings, Fourth International Symposium on
			Computer Message Systems}",
	editor	=	"Einar Stefferud",
	month	=	sep,
	year	=	1988,
	note	=	{Costa Mesa, California}
}
